@online{pigeonhole,
  title   = {Pigeon-hole principle},
  journal = {Support Page},
  url     = {https://www-student.cse.buffalo.edu/~atri/cse331/support/pigeon/index.html}
}